{
  "leader": "03343cam a22005051a 4500",
  "fields": [
    {
      "001": "ocm00498540\\"
    },
    {
      "003": "OCoLC"
    },
    {
      "005": "20220105164853.0"
    },
    {
      "008": "730807s1968\\\\\\\\nyuab\\\\\\\\d\\\\\\\\000\\0\\eng\\\\"
    },
    {
      "010": {
        "ind1": "\\",
        "ind2": "\\",
        "subfields": [
          {
            "a": "   67028530 "
          }
        ]
      }
    },
    {
      "040": {
        "ind1": "\\",
        "ind2": "\\",
        "subfields": [
          {
            "a": "DLC"
          },
          {
            "b": "eng"
          },
          {
            "c": "DLC"
          },
          {
            "d": "CPL"
          },
          {
            "d": "MUQ"
          },
          {
            "d": "BAKER"
          },
          {
            "d": "BTCTA"
          },
          {
            "d": "STF"
          },
          {
            "d": "AU@"
          },
          {
            "d": "SJL"
          },
          {
            "d": "DEBBG"
          },
          {
            "d": "ITJCU"
          },
          {
            "d": "OCLCF"
          },
          {
            "d": "P4I"
          },
          {
            "d": "OCLCQ"
          },
          {
            "d": "OCLCO"
          },
          {
            "d": "OCL"
          },
          {
            "d": "OCLCQ"
          },
          {
            "d": "CNUTO"
          },
          {
            "d": "ALFLR"
          },
          {
            "d": "NLC"
          },
          {
            "d": "OCLCQ"
          },
          {
            "d": "CPO"
          },
          {
            "d": "UMK"
          },
          {
            "d": "AKC"
          },
          {
            "d": "IL4J6"
          },
          {
            "d": "OCLCQ"
          }
        ]
      }
    },
    {
      "016": {
        "ind1": "\\",
        "ind2": "\\",
        "subfields": [
          {
            "a": "(AMICUS)000001190977"
          }
        ]
      }
    },
    {
      "019": {
        "ind1": "\\",
        "ind2": "\\",
        "subfields": [
          {
            "a": "2036455"
          },
          {
            "a": "794676086"
          },
          {
            "a": "794975323"
          },
          {
            "a": "795105284"
          },
          {
            "a": "962865174"
          },
          {
            "a": "966939422"
          },
          {
            "a": "972799425"
          },
          {
            "a": "977853524"
          },
          {
            "a": "979897100"
          },
          {
            "a": "980077543"
          },
          {
            "a": "988636292"
          },
          {
            "a": "993084554"
          },
          {
            "a": "994907999"
          },
          {
            "a": "1000307722"
          },
          {
            "a": "1001864163"
          },
          {
            "a": "1003638326"
          },
          {
            "a": "1012031203"
          },
          {
            "a": "1014193611"
          },
          {
            "a": "1019213419"
          },
          {
            "a": "1026236525"
          },
          {
            "a": "1037659439"
          },
          {
            "a": "1038183044"
          },
          {
            "a": "1038689596"
          },
          {
            "a": "1041923800"
          },
          {
            "a": "1049330544"
          },
          {
            "a": "1052913827"
          },
          {
            "a": "1064488923"
          },
          {
            "a": "1089799754"
          },
          {
            "a": "1101316410"
          },
          {
            "a": "1107709106"
          },
          {
            "a": "1108883409"
          },
          {
            "a": "1122636283"
          },
          {
            "a": "1127491729"
          },
          {
            "a": "1130000597"
          },
          {
            "a": "1145210497"
          },
          {
            "a": "1153202281"
          },
          {
            "a": "1155363926"
          },
          {
            "a": "1155625188"
          },
          {
            "a": "1166481833"
          },
          {
            "a": "1175975249"
          },
          {
            "a": "1200797441"
          },
          {
            "a": "1224624960"
          },
          {
            "a": "1224867081"
          },
          {
            "a": "1231489832"
          },
          {
            "a": "1244558208"
          },
          {
            "a": "1263993875"
          },
          {
            "a": "1273738887"
          },
          {
            "a": "1277092683"
          }
        ]
      }
    },
    {
      "020": {
        "ind1": "\\",
        "ind2": "\\",
        "subfields": [
          {
            "a": "0389034843"
          }
        ]
      }
    },
    {
      "020": {
        "ind1": "\\",
        "ind2": "\\",
        "subfields": [
          {
            "a": "9780389034841"
          }
        ]
      }
    },
    {
      "020": {
        "ind1": "\\",
        "ind2": "\\",
        "subfields": [
          {
            "a": "0389002755"
          }
        ]
      }
    },
    {
      "020": {
        "ind1": "\\",
        "ind2": "\\",
        "subfields": [
          {
            "a": "9780389002758"
          }
        ]
      }
    },
    {
      "035": {
        "ind1": "\\",
        "ind2": "\\",
        "subfields": [
          {
            "a": "(OCoLC)498540"
          },
          {
            "z": "(OCoLC)2036455"
          },
          {
            "z": "(OCoLC)794676086"
          },
          {
            "z": "(OCoLC)794975323"
          },
          {
            "z": "(OCoLC)795105284"
          },
          {
            "z": "(OCoLC)962865174"
          },
          {
            "z": "(OCoLC)966939422"
          },
          {
            "z": "(OCoLC)972799425"
          },
          {
            "z": "(OCoLC)977853524"
          },
          {
            "z": "(OCoLC)979897100"
          },
          {
            "z": "(OCoLC)980077543"
          },
          {
            "z": "(OCoLC)988636292"
          },
          {
            "z": "(OCoLC)993084554"
          },
          {
            "z": "(OCoLC)994907999"
          },
          {
            "z": "(OCoLC)1000307722"
          },
          {
            "z": "(OCoLC)1001864163"
          },
          {
            "z": "(OCoLC)1003638326"
          },
          {
            "z": "(OCoLC)1012031203"
          },
          {
            "z": "(OCoLC)1014193611"
          },
          {
            "z": "(OCoLC)1019213419"
          },
          {
            "z": "(OCoLC)1026236525"
          },
          {
            "z": "(OCoLC)1037659439"
          },
          {
            "z": "(OCoLC)1038183044"
          },
          {
            "z": "(OCoLC)1038689596"
          },
          {
            "z": "(OCoLC)1041923800"
          },
          {
            "z": "(OCoLC)1049330544"
          },
          {
            "z": "(OCoLC)1052913827"
          },
          {
            "z": "(OCoLC)1064488923"
          },
          {
            "z": "(OCoLC)1089799754"
          },
          {
            "z": "(OCoLC)1101316410"
          },
          {
            "z": "(OCoLC)1107709106"
          },
          {
            "z": "(OCoLC)1108883409"
          },
          {
            "z": "(OCoLC)1122636283"
          },
          {
            "z": "(OCoLC)1127491729"
          },
          {
            "z": "(OCoLC)1130000597"
          },
          {
            "z": "(OCoLC)1145210497"
          },
          {
            "z": "(OCoLC)1153202281"
          },
          {
            "z": "(OCoLC)1155363926"
          },
          {
            "z": "(OCoLC)1155625188"
          },
          {
            "z": "(OCoLC)1166481833"
          },
          {
            "z": "(OCoLC)1175975249"
          },
          {
            "z": "(OCoLC)1200797441"
          },
          {
            "z": "(OCoLC)1224624960"
          },
          {
            "z": "(OCoLC)1224867081"
          },
          {
            "z": "(OCoLC)1231489832"
          },
          {
            "z": "(OCoLC)1244558208"
          },
          {
            "z": "(OCoLC)1263993875"
          },
          {
            "z": "(OCoLC)1273738887"
          },
          {
            "z": "(OCoLC)1277092683"
          }
        ]
      }
    },
    {
      "043": {
        "ind1": "\\",
        "ind2": "\\",
        "subfields": [
          {
            "a": "n-us---"
          }
        ]
      }
    },
    {
      "050": {
        "ind1": "0",
        "ind2": "0",
        "subfields": [
          {
            "a": "JK9"
          },
          {
            "b": ".S5 1968"
          }
        ]
      }
    },
    {
      "050": {
        "ind1": "1",
        "ind2": "4",
        "subfields": [
          {
            "a": "R320.097"
          }
        ]
      }
    },
    {
      "055": {
        "ind1": "\\",
        "ind2": "0",
        "subfields": [
          {
            "a": "JK9"
          },
          {
            "b": ".S5 1968"
          }
        ]
      }
    },
    {
      "082": {
        "ind1": "0",
        "ind2": "0",
        "subfields": [
          {
            "a": "320.0973"
          },
          {
            "b": "DIC"
          }
        ]
      }
    },
    {
      "245": {
        "ind1": "0",
        "ind2": "0",
        "subfields": [
          {
            "a": "Dictionary of American politics /"
          },
          {
            "c": "[edited by] Edward C. Smith and Arnold J. Zurcher."
          }
        ]
      }
    },
    {
      "250": {
        "ind1": "\\",
        "ind2": "\\",
        "subfields": [
          {
            "a": "2nd ed."
          }
        ]
      }
    },
    {
      "260": {
        "ind1": "\\",
        "ind2": "\\",
        "subfields": [
          {
            "a": "New York :"
          },
          {
            "b": "Barnes & Noble,"
          },
          {
            "c": "[1968]"
          }
        ]
      }
    },
    {
      "300": {
        "ind1": "\\",
        "ind2": "\\",
        "subfields": [
          {
            "a": "vii, 434 pages :"
          },
          {
            "b": "illustrations, maps ;"
          },
          {
            "c": "22 cm."
          }
        ]
      }
    },
    {
      "336": {
        "ind1": "\\",
        "ind2": "\\",
        "subfields": [
          {
            "a": "text"
          },
          {
            "b": "txt"
          },
          {
            "2": "rdacontent"
          }
        ]
      }
    },
    {
      "337": {
        "ind1": "\\",
        "ind2": "\\",
        "subfields": [
          {
            "a": "unmediated"
          },
          {
            "b": "n"
          },
          {
            "2": "rdamedia"
          }
        ]
      }
    },
    {
      "338": {
        "ind1": "\\",
        "ind2": "\\",
        "subfields": [
          {
            "a": "volume"
          },
          {
            "b": "nc"
          },
          {
            "2": "rdacarrier"
          }
        ]
      }
    },
    {
      "490": {
        "ind1": "1",
        "ind2": "\\",
        "subfields": [
          {
            "a": "Everyday handbooks"
          }
        ]
      }
    },
    {
      "530": {
        "ind1": "\\",
        "ind2": "\\",
        "subfields": [
          {
            "a": "Also issued online."
          }
        ]
      }
    },
    {
      "583": {
        "ind1": "\\",
        "ind2": "\\",
        "subfields": [
          {
            "a": "commitment to retain"
          },
          {
            "c": "20151204"
          },
          {
            "2": "pda"
          },
          {
            "5": "OTUTLD"
          }
        ]
      }
    },
    {
      "651": {
        "ind1": "\\",
        "ind2": "0",
        "subfields": [
          {
            "a": "United States"
          },
          {
            "x": "Politics and government"
          },
          {
            "v": "Dictionaries."
          }
        ]
      }
    },
    {
      "650": {
        "ind1": "\\",
        "ind2": "7",
        "subfields": [
          {
            "a": "Politics and government"
          },
          {
            "2": "fast"
          },
          {
            "0": "(OCoLC)fst01919741"
          }
        ]
      }
    },
    {
      "651": {
        "ind1": "\\",
        "ind2": "7",
        "subfields": [
          {
            "a": "United States."
          },
          {
            "2": "fast"
          },
          {
            "0": "(OCoLC)fst01204155"
          }
        ]
      }
    },
    {
      "655": {
        "ind1": "\\",
        "ind2": "7",
        "subfields": [
          {
            "a": "Dictionaries."
          },
          {
            "2": "fast"
          },
          {
            "0": "(OCoLC)fst01423826"
          }
        ]
      }
    },
    {
      "655": {
        "ind1": "\\",
        "ind2": "7",
        "subfields": [
          {
            "a": "Dictionaries."
          },
          {
            "2": "lcgft"
          }
        ]
      }
    },
    {
      "700": {
        "ind1": "1",
        "ind2": "\\",
        "subfields": [
          {
            "a": "Smith, Edward Conrad,"
          },
          {
            "d": "1891-1982."
          }
        ]
      }
    },
    {
      "700": {
        "ind1": "1",
        "ind2": "\\",
        "subfields": [
          {
            "a": "Zurcher, Arnold J."
          },
          {
            "q": "(Arnold John),"
          },
          {
            "d": "1902-1974."
          }
        ]
      }
    },
    {
      "776": {
        "ind1": "0",
        "ind2": "8",
        "subfields": [
          {
            "i": "Online version:"
          },
          {
            "a": "Smith, Edward Conrad, 1891-"
          },
          {
            "t": "Dictionary of American politics."
          },
          {
            "b": "2d ed."
          },
          {
            "d": "New York, Barnes & Noble [1968]"
          },
          {
            "w": "(OCoLC)643518409"
          }
        ]
      }
    },
    {
      "830": {
        "ind1": "\\",
        "ind2": "0",
        "subfields": [
          {
            "a": "Everyday handbooks."
          }
        ]
      }
    },
    {
      "994": {
        "ind1": "\\",
        "ind2": "\\",
        "subfields": [
          {
            "a": "Z0"
          },
          {
            "b": "NYRVC"
          }
        ]
      }
    },
    {
      "948": {
        "ind1": "\\",
        "ind2": "\\",
        "subfields": [
          {
            "h": "NO HOLDINGS IN NYRVC - 696 OTHER HOLDINGS"
          }
        ]
      }
    },
    {
      "999": {
        "ind1": "\\",
        "ind2": "\\",
        "subfields": [
          {
            "a": "00000000014494"
          }
        ]
      }
    }
  ]
}